<?xml version="1.0" encoding="UTF-8"?><collection xmlns="http://www.loc.gov/MARC21/slim"><record><leader>00443nam--2200169-i-4500</leader><controlfield tag="001">000017254</controlfield><controlfield tag="002">20161230</controlfield><controlfield tag="005">20170119000620</controlfield><controlfield tag="008">060222s1000------------r-----000-0-eng-d</controlfield><datafield ind1=" " ind2=" " tag="020"><subfield code="a">92-826-3</subfield></datafield><datafield ind1=" " ind2=" " tag="080"><subfield code="a">538.945(061.3)</subfield></datafield><datafield ind1=" " ind2=" " tag="245"><subfield code="a">Superconductivity</subfield></datafield><datafield ind1=" " ind2=" " tag="260"><subfield code="a">Luxembourg</subfield><subfield code="b">Office For Official Publications Of The European Communities</subfield><subfield code="c">1992</subfield></datafield><datafield ind1=" " ind2=" " tag="300"><subfield code="a">107 p</subfield></datafield><datafield ind1=" " ind2=" " tag="700"><subfield code="a">Gregoli, S</subfield></datafield><datafield ind1=" " ind2=" " tag="852"><subfield code="a">80153</subfield></datafield><datafield ind1=" " ind2=" " tag="CAT"><subfield code="a">SYS</subfield><subfield code="c">20170119</subfield><subfield code="h">000620</subfield></datafield></record></collection>